<record><leader>00000cas a2200000 a 4500</leader><controlfield tag="001">52199939</controlfield><controlfield tag="008">030507d19071913nyuwr ne      0    0eng c</controlfield><datafield ind1=" " ind2=" " tag="010"><subfield code="a">sn2003060361</subfield></datafield><datafield ind1=" " ind2=" " tag="040"><subfield code="a">NYS</subfield><subfield code="b">eng</subfield><subfield code="c">NYS</subfield><subfield code="d">OCLCQ</subfield><subfield code="d">OCLCF</subfield><subfield code="d">OCLCO</subfield></datafield><datafield ind1="1" ind2=" " tag="029"><subfield code="a">AU@</subfield><subfield code="b">000024643640</subfield></datafield><datafield ind1=" " ind2=" " tag="042"><subfield code="a">pcc</subfield></datafield><datafield ind1=" " ind2=" " tag="043"><subfield code="a">n-us-ny</subfield></datafield><datafield ind1="0" ind2=" " tag="130"><subfield code="a">Republican Record (Pelham, N.Y)</subfield></datafield><datafield ind1="1" ind2="0" tag="245"><subfield code="a">Republican-Record.</subfield></datafield><datafield ind1="1" ind2="3" tag="246"><subfield code="a">Pelham Record and Republican</subfield><subfield code="g">&lt;Aug. 30, 1913&gt;</subfield></datafield><datafield ind1="1" ind2="3" tag="246"><subfield code="a">Pelham Record &amp; Republican</subfield></datafield><datafield ind1=" " ind2=" " tag="260"><subfield code="a">Pelham, N.Y. :</subfield><subfield code="b">Tichborne Press,</subfield><subfield code="c">1907-1913.</subfield></datafield><datafield ind1=" " ind2=" " tag="300"><subfield code="a">v. :</subfield><subfield code="b">ill. ;</subfield><subfield code="c">55 cm.</subfield></datafield><datafield ind1="1" ind2=" " tag="362"><subfield code="a">Began in 1907.</subfield></datafield><datafield ind1="0" ind2=" " tag="362"><subfield code="a">-(Aug. 30, 1913).</subfield></datafield><datafield ind1=" " ind2=" " tag="500"><subfield code="a">"Official State, County, Town and Village Paper."</subfield></datafield><datafield ind1=" " ind2=" " tag="500"><subfield code="a">Publisher and Editor: John M. Shinn.</subfield></datafield><datafield ind1="4" ind2=" " tag="510"><subfield code="a">Hufeland, O. Checklist</subfield><subfield code="c">p. 204</subfield></datafield><datafield ind1=" " ind2=" " tag="530"><subfield code="a">Available on microfilm from Pelham Town Historian, Pelham House, Pelham, N.Y.</subfield></datafield><datafield ind1=" " ind2="0" tag="651"><subfield code="a">Pelham (N.Y.)</subfield><subfield code="v">Newspapers.</subfield></datafield><datafield ind1=" " ind2="0" tag="651"><subfield code="a">Pelham (N.Y. : Town)</subfield><subfield code="v">Newspapers.</subfield></datafield><datafield ind1=" " ind2="0" tag="651"><subfield code="a">Westchester County (N.Y.)</subfield><subfield code="v">Newspapers.</subfield></datafield><datafield ind1=" " ind2="7" tag="655"><subfield code="a">Newspapers.</subfield><subfield code="2">fast</subfield><subfield code="0">(OCoLC)fst01423814</subfield></datafield><datafield ind1=" " ind2="7" tag="651"><subfield code="a">New York (State)</subfield><subfield code="z">Pelham.</subfield><subfield code="2">fast</subfield><subfield code="0">(OCoLC)fst01250458</subfield></datafield><datafield ind1=" " ind2="7" tag="651"><subfield code="a">New York (State)</subfield><subfield code="z">Pelham (Town)</subfield><subfield code="2">fast</subfield><subfield code="0">(OCoLC)fst01334035</subfield></datafield><datafield ind1=" " ind2="7" tag="651"><subfield code="a">New York (State)</subfield><subfield code="z">Westchester County.</subfield><subfield code="2">fast</subfield><subfield code="0">(OCoLC)fst01202684</subfield></datafield><datafield ind1=" " ind2=" " tag="752"><subfield code="a">United States</subfield><subfield code="b">New York</subfield><subfield code="c">Westchester</subfield><subfield code="d">Pelham.</subfield></datafield><datafield ind1="0" ind2="0" tag="785"><subfield code="t">Pelham Record (Pelham, N.Y. : 1913)</subfield><subfield code="w">(DLC)sn2003060360</subfield><subfield code="w">(OCoLC)5200174</subfield></datafield></record>